@article{Chandra_1,
  title={Latent Variable Graphical Model Selection via Convex Optimization},
  author={Chandrasekaran, V and Parrilo, P.A. and Willsky, A.S.},
  journal={The Annals of Statistics},
  year=2012,
  volume={40},
  number={4},
  pages={1935-1967}
}
@article{Chandra_2,
  title={Interpreting latent variables in factor models via convex optimization},
  author={Taeb, A and Chandrasekaran, A},
  journal={Mathematical Programming, Vol. 167, 129â€“154},
  year=2018
}
@article{wang2010solving,
  title={Solving log-determinant optimization problems by a Newton-CG primal proximal point algorithm},
  author={Wang, Chengjing and Sun, Defeng and Toh, Kim-Chuan},
  journal={SIAM Journal on Optimization},
  volume={20},
  number={6},
  pages={2994--3013},
  year={2010},
  publisher={SIAM}
}
@article{wainwright2009sharp,
  title={Sharp thresholds for High-Dimensional and noisy sparsity recovery using $\mathcal{L}_ 1$-Constrained Quadratic Programming (Lasso)},
  author={Wainwright, Martin J},
  journal={IEEE transactions on information theory},
  volume={55},
  number={5},
  pages={2183--2202},
  year={2009},
  publisher={IEEE}
}
@article{Diamond,
  author  = {Diamond S. and Boyd S.},
  title   = {CVXPY: A Python-Embedded Modeling Language for Convex Optimization},
  journal = {Journal of Machine Learning Research},
  year    = {2016},
  volume  = {17},
  number  = {83},
  pages   = {1-5},
  url     = {http://jmlr.org/papers/v17/15-408.html}
}
@article{sdpt3,
  author  = {Tutuncu, R.H., Toh, K.C. and Todd, M.J.},
  title   = {Solving semidefinite-quadratic-linear programs using SDPT3},
  journal = {Mathematical Programming},
  year    = {2003},
  volume  = {Ser. B},
  number  = {95},
  pages   = {189-217}
}
@inproceedings{xu2017speeding,
  title={Speeding up latent variable gaussian graphical model estimation via nonconvex optimization},
  author={Xu, Pan and Ma, Jian and Gu, Quanquan},
  booktitle={Advances in Neural Information Processing Systems},
  pages={1933--1944},
  year={2017}
}
@article{ma2013alternating,
  title={Alternating direction methods for latent variable Gaussian graphical model selection},
  author={Ma, Shiqian and Xue, Lingzhou and Zou, Hui},
  journal={Neural computation},
  volume={25},
  number={8},
  pages={2172--2198},
  year={2013},
  publisher={MIT Press}
}
@article{na2019estimating,
  title={Estimating differential latent variable graphical models with applications to brain connectivity},
  author={Na, Sen and Kolar, Mladen and Koyejo, Oluwasanmi},
  journal={arXiv preprint arXiv:1909.05892},
  year={2019}
}