@article{Chandra_1,
  title={Latent Variable Graphical Model Selection via Convex Optimization},
  author={Chandrasekaran, V and Parrilo, P.A. and Willsky, A.S.},
  journal={The Annals of Statistics, Vol. 40, No. 4, 1935-1967},
  year=2012
}